<?xml version="1.0" encoding="UTF-8"?><collection xmlns="http://www.loc.gov/MARC21/slim"><record><leader>00340nam--2200121-i-4500</leader><controlfield tag="001">000025779</controlfield><controlfield tag="002">20161230</controlfield><controlfield tag="005">20161230201036</controlfield><controlfield tag="008">060222s1000------------r-----000-0-eng-d</controlfield><datafield ind1=" " ind2=" " tag="080"><subfield code="a">061.62(729.1):001.891</subfield></datafield><datafield ind1=" " ind2=" " tag="245"><subfield code="a">Instituto de investigaciones nucleares. memoria 1969-1979</subfield></datafield><datafield ind1=" " ind2=" " tag="260"><subfield code="a">Ciudad De La Havana, 1979. 30p. + 14 Fig</subfield></datafield><datafield ind1=" " ind2=" " tag="852"><subfield code="a">48657</subfield></datafield></record></collection>